{"type": "order_placed", "symbol": "HBAR_USDT", "orderId": 1, "account": "0x877664Ae1f1ca217977562A04592eCbCADb2Ca58", "side": "ask", "price": 0.205, "quantity": 100.0, "timestamp": 1761817380120}
{"type": "order_placed", "symbol": "HBAR_USDT", "orderId": 2, "account": "0x877664Ae1f1ca217977562A04592eCbCADb2Ca58", "side": "bid", "price": 0.1985, "quantity": 50.0, "timestamp": 1761827862958}
{"type": "order_placed", "symbol": "HBAR_USDT", "orderId": 1, "account": "0x877664Ae1f1ca217977562A04592eCbCADb2Ca58", "side": "ask", "price": 0.1981, "quantity": 25.0, "timestamp": 1761827908698}
{"type": "order_placed", "symbol": "HBAR_USDT", "orderId": 1, "account": "0x01B144754760F89Dc0179a22BaFa426427ad9592", "side": "bid", "price": 0.1989, "quantity": 100.0, "timestamp": 1761922670198}
{"type": "order_placed", "symbol": "HBAR_USDT", "orderId": 1, "account": "0x19BEa165cc295752D0FcE4851Af77420F163e279", "side": "bid", "price": 0.1974, "quantity": 100.0, "timestamp": 1761940489597}
{"type": "order_placed", "symbol": "HBAR_USDT", "orderId": 1, "account": "0x01B144754760F89Dc0179a22BaFa426427ad9592", "side": "bid", "price": 0.1991, "quantity": 100.0, "timestamp": 1761942415479}
{"type": "order_placed", "symbol": "HBAR_USDT", "orderId": 1, "account": "0x19BEa165cc295752D0FcE4851Af77420F163e279", "side": "ask", "price": 0.1986, "quantity": 50.0, "timestamp": 1761942517017}
{"type": "order_placed", "symbol": "HBAR_USDT", "orderId": 1, "account": "0x19BEa165cc295752D0FcE4851Af77420F163e279", "side": "bid", "price": 0.1972, "quantity": 100.0, "timestamp": 1761944624441}
{"type": "order_placed", "symbol": "HBAR_USDT", "orderId": 1, "account": "0x01B144754760F89Dc0179a22BaFa426427ad9592", "side": "ask", "price": 0.1972, "quantity": 50.0, "timestamp": 1761944721426}
{"type": "order_placed", "symbol": "HBAR_USDT", "orderId": 1, "account": "0x01B144754760F89Dc0179a22BaFa426427ad9592", "side": "bid", "price": 0.1, "quantity": 100.0, "timestamp": 1761945268053}
{"type": "order_placed", "symbol": "HBAR_USDT", "orderId": 2, "account": "0x01B144754760F89Dc0179a22BaFa426427ad9592", "side": "bid", "price": 0.1968, "quantity": 150.0, "timestamp": 1761945371535}
{"type": "order_placed", "symbol": "HBAR_USDT", "orderId": 1, "account": "0x19BEa165cc295752D0FcE4851Af77420F163e279", "side": "ask", "price": 0.1969, "quantity": 50.0, "timestamp": 1761945475403}
{"type": "order_placed", "symbol": "HBAR_USDT", "orderId": 1, "account": "0x19BEa165cc295752D0FcE4851Af77420F163e279", "side": "bid", "price": 0.197, "quantity": 100.0, "timestamp": 1761946342899}
{"type": "order_placed", "symbol": "HBAR_USDT", "orderId": 1, "account": "0x01B144754760F89Dc0179a22BaFa426427ad9592", "side": "ask", "price": 0.1975, "quantity": 50.0, "timestamp": 1761946440678}
{"type": "order_placed", "symbol": "HBAR_USDT", "orderId": 1, "account": "0x01B144754760F89Dc0179a22BaFa426427ad9592", "side": "bid", "price": 0.1974, "quantity": 100.0, "timestamp": 1761948851396}
{"type": "order_placed", "symbol": "HBAR_USDT", "orderId": 1, "account": "0x19BEa165cc295752D0FcE4851Af77420F163e279", "side": "ask", "price": 0.1972, "quantity": 50.0, "timestamp": 1761948933137}
